% books
@BOOK{Chist2012,
	author = {В.Чистюхин},
	title = {Антенно-фидерные устройства},
	address = {Москва},
	publisher = {Миэт},
	year = {2012},
	language = {russian}
}

@BOOK{Kraus1988,
	title = {Antennas, Second Edition},
	address = {Нью Дели},
	publisher = {McGraw-Hill College},
	year = {1988},
	language = {english},
	chapter = {7.19}
}

@book{li2008mimo,
  title={MIMO radar signal processing},
  author={Li, Jian and Stoica, Petre},
  year={2008},
  publisher={John Wiley \& Sons}
}

@book{bergin2018mimo,
  title={MIMO Radar: Theory and Application},
  author={Bergin, Jamie and Guerci, Joseph R},
  year={2018},
  publisher={Artech House}
}

@book{mailloux2017phased,
  title={Phased array antenna handbook},
  author={Mailloux, Robert J},
  year={2017},
  publisher={Artech house}
}

% articles

@article{harrington1961sidelobe,
  title={Sidelobe reduction by nonuniform element spacing},
  author={Harrington, R},
  journal={IRE Transactions on Antennas and propagation},
  volume={9},
  number={2},
  pages={187--192},
  year={1961},
  publisher={IEEE}
}


@article{basha2014implementation,
  title={Implementation of Windowing Technique for Minimizing the Side Lobes in Antenna Array Design},
  author={Basha, SK and Rehmant, SA},
  journal={International Journal of Research in Science \& Technology},
  volume={1},
  number={11},
  pages={1--5},
  year={2014}
}

@article{andreasen1962linear,
  title={Linear arrays with variable interelement spacings},
  author={Andreasen, M},
  journal={IRE Transactions on Antennas and Propagation},
  volume={10},
  number={2},
  pages={137--143},
  year={1962},
  publisher={IEEE}
}

@article{1138055,
  author={Ma, M.},
  journal={IEEE Transactions on Antennas and Propagation}, 
  title={Note on nonuniformly spaced arrays}, 
  year={1963},
  volume={11},
  number={4},
  pages={508-509},
  keywords={Coaxial components;Bonding;Transmission lines;Wire;Directive antennas;Equations;Antenna arrays;Permeability;Testing;Impedance},
  doi={10.1109/TAP.1963.1138055}
}

@article{1137906,
  author={Brown, F.},
  journal={IRE Transactions on Antennas and Propagation}, 
  title={Note on nonuniformly spaced arrays}, 
  year={1962},
  volume={10},
  number={5},
  pages={639-640},
  keywords={Phased arrays;Chebyshev approximation;Impedance},
  doi={10.1109/TAP.1962.1137906}
}

@inproceedings{rahaman2020performane,
  title={Performane analysis of linearly-arranged concentric circular antenna array using robust ODL technique},
  author={Rahaman, Imteaz and Hossain, Md Selim and Reza, Md Farhamdur and Sarkar, Pallab Kumar},
  booktitle={2020 IEEE Region 10 Symposium (TENSYMP)},
  pages={226--229},
  year={2020},
  organization={IEEE}
}

@INPROCEEDINGS{9230726,
  author={Rahaman, Imteaz and Hossain, Md. Selim and Reza, Md. Farhamdur and Sarkar, Pallab Kumar},
  booktitle={2020 IEEE Region 10 Symposium (TENSYMP)}, 
  title={Performane Analysis of Linearly-arranged Concentric Circular Antenna Array Using Robust ODL technique}, 
  year={2020},
  volume={},
  number={},
  pages={226-229},
  keywords={Antenna arrays;Interference;Signal to noise ratio;Power generation;Mathematical model;Array signal processing;Linear antenna arrays;Beamforming;LCCAA;optimal;FDL;ODL},
  doi={10.1109/TENSYMP50017.2020.9230726}
}

@inproceedings{rabideau2003ubiquitous,
  title={Ubiquitous MIMO multifunction digital array radar},
  author={Rabideau, Daniel J and Parker, Peter},
  booktitle={The Thrity-Seventh Asilomar Conference on Signals, Systems \& Computers, 2003},
  volume={1},
  pages={1057--1064},
  year={2003},
  organization={IEEE}
}

@book{rabideau2004ubiquitous,
  title={Ubiquitous MIMO multifunction digital array radar... and the role of time-energy management in radar},
  author={Rabideau, Daniel J and Parker, Peter A},
  year={2004},
  publisher={Massachusetts Institute of Technology, Lincoln Laboratory}
}

@article{schelkunoff1943mathematical,
  title={A mathematical theory of linear arrays},
  author={Schelkunoff, Sergei Alexander},
  journal={The Bell System Technical Journal},
  volume={22},
  number={1},
  pages={80--107},
  year={1943},
  publisher={Nokia Bell Labs}
}

@article{jain2012solving,
  title={Solving" antenna array thinning problem" using genetic algorithm},
  author={Jain, Rajashree and Mani, GS},
  journal={Applied Computational Intelligence and Soft Computing},
  volume={2012},
  pages={24--24},
  year={2012},
  publisher={Hindawi Limited London, UK, United Kingdom}
}

@article{dubey2023cosecant,
  title={COSECANT-SQUARED BEAM PATTERN SYNTHESIS OF CONCENTRIC CIRCULAR ANTENNA ARRAY IN A RANGE OF AZIMUTH PLANE USING EVOLUTIONARY ALGORITHM.},
  author={Dubey, Sanjay Kumar and Mandal, Debasis},
  journal={Suranaree Journal of Science \& Technology},
  volume={30},
  number={2},
  year={2023}
}

@article{luo2015synthesis,
  title={Synthesis of thinned concentric circular antenna arrays using modified TLBO algorithm},
  author={Luo, Zailei and He, Xueming and Chen, Xuedong and Luo, Xin and Li, Xiaoqing and others},
  journal={International Journal of Antennas and Propagation},
  volume={2015},
  year={2015},
  publisher={Hindawi}
}

@article{subbarao2015tapering,
  title={Tapering of antenna array for efficient radiation pattern},
  author={Subbarao, Venkata M and Khasim, Sayedu Noorbasha and Thati, Jagadeesh and Sastry, MHH},
  year={2015},
  publisher={N$\varepsilon$$\rho$$\alpha$$\tau$$\zeta$$\acute{\eta}$$\varsigma$, H$\lambda$$\acute{\iota}$$\alpha$$\varsigma$}
}

@article{ishimaru1962theory,
  title={Theory of unequally-spaced arrays},
  author={Ishimaru, Akira},
  journal={IRE Transactions on Antennas and Propagation},
  volume={10},
  number={6},
  pages={691--702},
  year={1962},
  publisher={IEEE}
}

@article{kumar2022unequally,
  title={Unequally Spaced Antenna Array Synthesis Using Accelerating Gaussian Mutated Cat Swarm Optimization},
  author={Kumar, K Prasanna and Pappula, Lakshman and Madhav, BTP and Prabhakar, VSV},
  journal={Journal of Telecommunications and Information Technology},
  number={1},
  pages={99--109},
  year={2022}
}

@article{rao2019unequally,
  title={Unequally Spaced Linear Antenna Array Synthesis with Minimum Side Lobe Levels Using Modified Differential Evolution Algorithm},
  author={Rao, S Venkata Rama and Prasad, A Mallikarjuna and Rani, Ch Santhi},
  journal={International Journal of Innovative Technology and Exploring Engineering},
  publisher={IJITEE},
  year={2019}
}

@inproceedings{ma1997weighted,
  title={Weighted Least Square Method for Optimum Thinned Antenna Arrays},
  author={Ma, X and Chang, BK},
  booktitle={IEEE ANTENNAS AND PROPAGATION SOCIETY INTERNATIONAL SYMPOSIUM},
  volume={4},
  pages={117--1},
  year={1997}
}

@article{vendik2018antenna,
  title={Антенные решетки Дольфа-Чебышёва},
  author={Вендик, ОГ},
  journal={Электроника и микроэлектроника СВЧ},
  volume={1},
  pages={209--212},
  year={2018},
  publisher={ЛЭТИ}
}

@article{Slyusar2004smart,
  title={Smart-антенны пошли в серию},
  author={Слюсар, В},
  journal={Электроника: наука, технология, бизнес},
  number={2},
  pages={62--65},
  year={2004},
  publisher={Акционерное общество Рекламно-издательский центр ТЕХНОСФЕРА}
}

@article{slyusar2001digital,
  title={Цифровые антенные решетки-будущее радиолокации},
  author={Слюсар, В},
  journal={Электроника: наука, технология, бизнес},
  number={3},
  pages={42--47},
  year={2001},
  publisher={Акционерное общество Рекламно-издательский центр ТЕХНОСФЕРА}
}

@article{slyusar2002schem,
  title={Схемотехника цифрового диаграммообразования. Модульные решения},
  author={Слюсар, В},
  journal={Электроника: наука, технология, бизнес},
  number={1},
  pages={46--53},
  year={2002},
  publisher={Акционерное общество Рекламно-издательский центр ТЕХНОСФЕРА}
}

@article{chernyak2001detection,
  title={Обнаружение сигналов в MIMO РЛС},
  author={Черняк, ВС},
  journal={Успехи современной радиоэлектроники},
  volume={7},
  pages={35--48},
  year={2014},
  publisher={Общество с ограниченной ответственностью" Издательство" Радиотехника"}
}





